%% This BibTeX bibliography file was created using BibDesk.
%% http://bibdesk.sourceforge.net/


%% Created for alex at 2016-06-02 15:45:31 -0700 


%% Saved with string encoding Unicode (UTF-8) 
@webpage{kaggle2012,
	Date-Added = {2016-05-28 23:10:50 +0000},
	Date-Modified = {2016-05-28 23:11:12 +0000},
	Lastchecked = {May 28, 2016},
	Month = {09},
	Url = {http://peekaboo-vision.blogspot.de/2012/09/recap-of-my-first-kaggle-competition.html},
	Title = {Recap of my first Kaggle Competition: Detecting Insults in Social Commentary},
	Author = {Mueller, Andreas}
	Year = {2012}}

	
@webpage{formspring-data,
	Date-Added = {2016-05-28 23:42:45 +0000},
	Date-Modified = {2016-05-28 23:43:00 +0000},
	Lastchecked = {May 28th, 2016},
	Title = {Formspring Cyberbullying, Data},
	Url = {http://chatcoder.com/DataDownload},
	Year = {2010},
	Bdsk-Url-1 = {http://chatcoder.com/DataDownload}}



@article{nahar2013effective,
  title={An effective approach for cyberbullying detection},
  author={Nahar, Vinita and Li, Xue and Pang, Chaoyi},
  journal={Communications in Information Science and Management Engineering},
  volume={3},
  number={5},
  pages={238},
  year={2013},
  publisher={World Academic Publishing LTD}
}

@inproceedings{reynolds2011using,
  title={Using machine learning to detect cyberbullying},
  author={Reynolds, Kelly and Kontostathis, April and Edwards, Lynne},
  booktitle={Machine Learning and Applications and Workshops (ICMLA), 2011 10th International Conference on},
  volume={2},
  pages={241--244},
  year={2011},
  organization={IEEE}
}

@article{le2014distributed,
  title={Distributed representations of sentences and documents},
  author={Le, Quoc V and Mikolov, Tomas},
  journal={arXiv preprint arXiv:1405.4053},
  year={2014}
}

@inproceedings{chen2012detecting,
  title={Detecting offensive language in social media to protect adolescent online safety},
  author={Chen, Ying and Zhou, Yilu and Zhu, Sencun and Xu, Heng},
  booktitle={Privacy, Security, Risk and Trust (PASSAT), 2012 International Conference on and 2012 International Confernece on Social Computing (SocialCom)},
  pages={71--80},
  year={2012},
  organization={IEEE}
}

@inproceedings{Djuric:2015:HSD:2740908.2742760,
	Acmid = {2742760},
	Address = {New York, NY, USA},
	Author = {Djuric, Nemanja and Zhou, Jing and Morris, Robin and Grbovic, Mihajlo and Radosavljevic, Vladan and Bhamidipati, Narayan},
	Booktitle = {Proceedings of the 24th International Conference on World Wide Web},
	Date-Added = {2016-06-02 22:42:55 +0000},
	Date-Modified = {2016-06-02 22:42:55 +0000},
	Doi = {10.1145/2740908.2742760},
	Isbn = {978-1-4503-3473-0},
	Keywords = {distributed representations, hate speech detection, low-dimensional embeddings, neural language models},
	Location = {Florence, Italy},
	Numpages = {2},
	Pages = {29--30},
	Publisher = {ACM},
	Series = {WWW '15 Companion},
	Title = {Hate Speech Detection with Comment Embeddings},
	Url = {http://doi.acm.org/10.1145/2740908.2742760},
	Year = {2015},
	Bdsk-Url-1 = {http://doi.acm.org/10.1145/2740908.2742760},
	Bdsk-Url-2 = {http://dx.doi.org/10.1145/2740908.2742760}}

@webpage{kaggle-data,
	Date-Added = {2016-05-28 23:42:45 +0000},
	Date-Modified = {2016-05-28 23:43:00 +0000},
	Lastchecked = {May 28y 28, 2016},
	Title = {Detecting Insults in Social Commentary, Data},
	Url = {https://www.kaggle.com/c/detecting-insults-in-social-commentary/data},
	Year = {2012},
	Bdsk-Url-1 = {https://www.kaggle.com/c/detecting-insults-in-social-commentary/data}}

@webpage{reddit-data,
	Date-Added = {2016-05-28 23:42:45 +0000},
	Date-Modified = {2016-05-28 23:43:00 +0000},
	Lastchecked = {May 28y 28, 2016},
	Title = {May 2015 Reddit Comments, Data},
	Url = {https://www.kaggle.com/reddit/reddit-comments-may-2015},
	Year = {2015},
	Bdsk-Url-1 = {https://www.kaggle.com/reddit/reddit-comments-may-2015}}

@article{goyal2013peer,
	Author = {Goyal, Priya and Kalra, Gaganpreet Singh},
	Date-Added = {2016-05-18 05:41:48 +0000},
	Date-Modified = {2016-05-18 05:41:48 +0000},
	Journal = {IITK, unpublished},
	Title = {Peer-to-Peer Insult Detection in Online Communities},
	Year = {2013}}

@inproceedings{Kontostathis:2013:DCQ:2464464.2464499,
	Acmid = {2464499},
	Address = {New York, NY, USA},
	Author = {Kontostathis, April and Reynolds, Kelly and Garron, Andy and Edwards, Lynne},
	Booktitle = {Proceedings of the 5th Annual ACM Web Science Conference},
	Date-Added = {2016-05-18 05:26:33 +0000},
	Date-Modified = {2016-05-18 05:26:33 +0000},
	Doi = {10.1145/2464464.2464499},
	Isbn = {978-1-4503-1889-1},
	Keywords = {cyberbullying detection, latent semantic indexing, machine learning, term analysis},
	Location = {Paris, France},
	Numpages = {10},
	Pages = {195--204},
	Publisher = {ACM},
	Series = {WebSci '13},
	Title = {Detecting Cyberbullying: Query Terms and Techniques},
	Url = {http://doi.acm.org/10.1145/2464464.2464499},
	Year = {2013},
	Bdsk-Url-1 = {http://doi.acm.org/10.1145/2464464.2464499},
	Bdsk-Url-2 = {http://dx.doi.org/10.1145/2464464.2464499}}

@inproceedings{ishisaka2010detecting,
	Author = {Ishisaka, Tatsuya and Yamamoto, Kazuhide},
	Booktitle = {PACLIC},
	Date-Added = {2016-05-18 05:25:37 +0000},
	Date-Modified = {2016-05-18 05:25:37 +0000},
	Pages = {645--652},
	Title = {Detecting Nasty Comments from BBS Posts.},
	Year = {2010}}

@book{sculley2008advances,
	Author = {Sculley, D},
	Date-Added = {2016-04-23 02:02:51 +0000},
	Date-Modified = {2016-04-23 02:02:51 +0000},
	Publisher = {ProQuest},
	Title = {Advances in online learning-based spam filtering},
	Year = {2008}}

@inproceedings{warner2012detecting,
	Author = {Warner, William and Hirschberg, Julia},
	Booktitle = {Proceedings of the Second Workshop on Language in Social Media},
	Date-Added = {2016-04-23 01:50:33 +0000},
	Date-Modified = {2016-04-23 01:50:33 +0000},
	Organization = {Association for Computational Linguistics},
	Pages = {19--26},
	Title = {Detecting hate speech on the world wide web},
	Year = {2012}}

@inproceedings{DBLP:conf/www/NobataTTMC16,
	Author = {Chikashi Nobata and Joel R. Tetreault and Achint Thomas and Yashar Mehdad and Yi Chang},
	Bibsource = {dblp computer science bibliography, http://dblp.org},
	Biburl = {http://dblp2.uni-trier.de/rec/bib/conf/www/NobataTTMC16},
	Booktitle = {Proceedings of the 25th International Conference on World Wide Web, {WWW} 2016, Montreal, Canada, April 11 - 15, 2016},
	Crossref = {DBLP:conf/www/2016},
	Date-Added = {2016-04-22 23:18:46 +0000},
	Date-Modified = {2016-04-22 23:18:46 +0000},
	Doi = {10.1145/2872427.2883062},
	Pages = {145--153},
	Timestamp = {Sun, 10 Apr 2016 11:05:59 +0200},
	Title = {Abusive Language Detection in Online User Content},
	Url = {http://doi.acm.org/10.1145/2872427.2883062},
	Year = {2016},
	Bdsk-Url-1 = {http://doi.acm.org/10.1145/2872427.2883062},
	Bdsk-Url-2 = {http://dx.doi.org/10.1145/2872427.2883062}}

@inbook{Razavi2010,
	Address = {Berlin, Heidelberg},
	Author = {Razavi, Amir H. and Inkpen, Diana and Uritsky, Sasha and Matwin, Stan},
	Chapter = {Offensive Language Detection Using Multi-level Classification},
	Date-Added = {2016-04-22 23:08:46 +0000},
	Date-Modified = {2016-04-22 23:08:46 +0000},
	Doi = {10.1007/978-3-642-13059-5_5},
	Editor = {Farzindar, Atefeh and Ke{\v{s}}elj, Vlado},
	Isbn = {978-3-642-13059-5},
	Pages = {16--27},
	Publisher = {Springer Berlin Heidelberg},
	Title = {Advances in Artificial Intelligence: 23rd Canadian Conference on Artificial Intelligence, Canadian AI 2010, Ottawa, Canada, May 31 -- June 2, 2010. Proceedings},
	Url = {http://dx.doi.org/10.1007/978-3-642-13059-5_5},
	Year = {2010},
	Bdsk-Url-1 = {http://dx.doi.org/10.1007/978-3-642-13059-5_5}}
