@webpage{reddit-data,
	Date-Added = {2016-06-03 00:44:38 +0000},
	Date-Modified = {2016-06-03 00:44:38 +0000},
	Lastchecked = {May 28th, 2016},
	Title = {RMay 2015 Reddit Comments, Data},
	Url = {https://www.kaggle.com/reddit/reddit-comments-may-2015},
	Year = {2015},
	Bdsk-Url-1 = {https://www.kaggle.com/reddit/reddit-comments-may-2015}}
